@inproceedings{yonatan2018managing,
  title={MANAGING ORDER FULFILMENT ENTERPRISE SYSTEM},
  author={Yonatan, Okto and Jonathan, Jeremy},
  booktitle={Seminar Nasional Teknologi Informasi},
  volume={1},
  pages={575--581},
  year={2018}
}

@book{elmasri2000fundamentals,
  title={Fundamentals of Database Systems</Title},
  author={Elmasri, R and Navathe, Shamkant B and Elmasri, R and Navathe, SB},
  year={2000},
  publisher={Springer}
}

@misc{xkcd,
  author = {xkcd},
  title = {Thesis Defense},
  howpublished = "\url{https://xkcd.com/1403/}",
  note = "(Accessed: 09-Jun-2021)"
}

	
